@inproceedings{majid2015adaptation,
  title={Adaptation of usability principles in responsive web design technique for e-commerce development},
  author={Majid, Ezwan Shah Abdul and Kamaruddin, Norfadillah and Mansor, Zulkefli},
  booktitle={2015 International Conference on Electrical Engineering and Informatics (ICEEI)},
  pages={726--729},
  year={2015},
  organization={IEEE}
}

@inproceedings{mohorovivcic2013implementing,
  title={Implementing responsive web design for enhanced web presence},
  author={Mohorovi{\v{c}}i{\'c}, Sanja},
  booktitle={2013 36th International Convention on Information and Communication Technology, Electronics and Microelectronics (MIPRO)},
  pages={1206--1210},
  year={2013},
  organization={IEEE}
}
